<?xml version="1.0" encoding="UTF-8"?>
<Document xmlns="urn:iso:std:iso:20022:tech:xsd:pacs.008.001.07" xmlns:xsi="http://www.w3.org/2001/XMLSchema-instance">
	<FIToFICstmrCdtTrf>
		<GrpHdr>
			<MsgId>BATLANTI18101100000004</MsgId>
			<CreDtTm>2018-10-11T00:00:00-05:00</CreDtTm>
			<NbOfTxs>2</NbOfTxs>
			<TtlIntrBkSttlmAmt Ccy="USD">600.00</TtlIntrBkSttlmAmt>
			<IntrBkSttlmDt>2018-10-11</IntrBkSttlmDt>
			<SttlmInf>
				<SttlmMtd>CLRG</SttlmMtd>
				<ClrSys>
					<Prtry>ACH</Prtry>
				</ClrSys>
			</SttlmInf>
			<InstgAgt>
				<FinInstnId>
					<BICFI>BATLANTI</BICFI>
				</FinInstnId>
			</InstgAgt>
		</GrpHdr>
		<CdtTrfTxInf>
            <PmtId>
                <InstrId>0005006008-00900010401</InstrId>
                <EndToEndId>999999401</EndToEndId>
                <TxId>1810110000401</TxId>
            </PmtId>
            <PmtTpInf>
                <SvcLvl>
                    <Cd>SEPA</Cd>
                </SvcLvl>
                <LclInstrm>
                    <Prtry>B2B</Prtry>
                </LclInstrm>
                <CtgyPurp>
                    <Cd>CASH</Cd>
                </CtgyPurp>
            </PmtTpInf>
            <IntrBkSttlmAmt Ccy="USD">200.00</IntrBkSttlmAmt>
            <ChrgBr>SLEV</ChrgBr>
            <Dbtr>
                <Nm>Fabricio Zapata</Nm>
                <Id>
                    <PrvtId>
                        <Othr>
                            <Id>06018234539401</Id>
                        </Othr>
                    </PrvtId>
				</Id>
				<CtryOfRes>PA</CtryOfRes>
            </Dbtr>
            <DbtrAcct>
                <Id>
                    <Othr>
                        <Id>0005006008401</Id>
                    </Othr>
				</Id>
            </DbtrAcct>
            <DbtrAgt>
                <FinInstnId>
                    <BICFI>BATLANTI</BICFI>
                </FinInstnId>
            </DbtrAgt>
            <CdtrAgt>
                <FinInstnId>
                    <BICFI>BCARIBBE</BICFI>
                </FinInstnId>
            </CdtrAgt>
            <Cdtr>
                <Nm>Patricia Torres Org.</Nm>
                <Id>
                    <OrgId>
                        <Othr>
                            <Id>5009956234401</Id>
                        </Othr>
                    </OrgId>
				</Id>
				<CtryOfRes>EC</CtryOfRes>
            </Cdtr>
            <CdtrAcct>
                <Id>
                    <Othr>
                        <Id>5004234592401</Id>
                    </Othr>
				</Id>
            </CdtrAcct>
			<Purp>
				<Cd>ADVA</Cd>
			</Purp>
            <RmtInf>
                <Ustrd>Información adicional del pago 1</Ustrd>
            </RmtInf>
        </CdtTrfTxInf>
		<CdtTrfTxInf>
            <PmtId>
                <InstrId>0005006008-00900010402</InstrId>
                <EndToEndId>999999402</EndToEndId>
                <TxId>1810110000402</TxId>
            </PmtId>
            <PmtTpInf>
                <SvcLvl>
                    <Cd>SEPA</Cd>
                </SvcLvl>
                <LclInstrm>
                    <Prtry>B2B</Prtry>
                </LclInstrm>
                <CtgyPurp>
                    <Cd>CCRD</Cd>
                </CtgyPurp>
            </PmtTpInf>
            <IntrBkSttlmAmt Ccy="USD">400.00</IntrBkSttlmAmt>
            <ChrgBr>SLEV</ChrgBr>
            <Dbtr>
                <Nm>Hector Serrano</Nm>
                <Id>
                    <PrvtId>
                        <Othr>
                            <Id>06018234539402</Id>
                        </Othr>
                    </PrvtId>
				</Id>
				<CtryOfRes>PA</CtryOfRes>
            </Dbtr>
            <DbtrAcct>
                <Id>
                    <Othr>
                        <Id>0005006008402</Id>
                    </Othr>
				</Id>
            </DbtrAcct>
            <DbtrAgt>
                <FinInstnId>
                    <BICFI>BATLANTI</BICFI>
                </FinInstnId>
            </DbtrAgt>
            <CdtrAgt>
                <FinInstnId>
                    <BICFI>BCENAMER</BICFI>
                </FinInstnId>
            </CdtrAgt>
            <Cdtr>
                <Nm>Peajes y Asociados</Nm>
                <Id>
                    <OrgId>
                        <Othr>
                            <Id>5009956234402</Id>
                        </Othr>
                    </OrgId>
				</Id>
				<CtryOfRes>PA</CtryOfRes>
            </Cdtr>
            <CdtrAcct>
                <Id>
                    <Othr>
                        <Id>5004234592402</Id>
                    </Othr>
				</Id>
            </CdtrAcct>
			<Purp>
				<Cd>AIRB</Cd>
			</Purp>
            <RmtInf>
                <Ustrd>Información adicional del pago 2</Ustrd>
            </RmtInf>
        </CdtTrfTxInf>
	</FIToFICstmrCdtTrf>
</Document>
